@misc{web:unlp,
author = {UNLP\textsuperscript{\textregistered}},
title = {Universidad Nacional de La Plata},
howpublished = {\url{https://info.unlp.edu.ar/}},
year = {2001-2015},
note = {Accedido: 2011},
language = {spanish}
}